%% This BibTeX bibliography file was created using BibDesk.
%% https://bibdesk.sourceforge.io/

%% Created for Anastasha at 2023-10-28 21:31:07 +0300 


%% Saved with string encoding Unicode (UTF-8) 



@article{LaTeX-metadata,
	author = {Bos Joppe W., Kevin S. McCurley},
	date-added = {2023-10-28 21:27:15 +0300},
	date-modified = {2023-10-28 21:30:51 +0300},
	journal = {arXiv preprint arXiv:2301.08277},
	title = {LaTeX, metadata, and publishing workflows},
	year = {2023}}

@book{latexbegin,
	author = {Hare J.},
	date = {2023},
	optaddendum = {addendum},
	optafterword = {afterword},
	optannotator = {annotator},
	optchapter = {chapter},
	optcommentator = {commentator},
	optdoi = {doi},
	optedition = {edition},
	opteditor = {editor},
	opteditora = {editora},
	opteditorb = {editorb},
	opteditorc = {editorc},
	opteprint = {eprint},
	opteprintclass = {eprintclass},
	opteprinttype = {eprinttype},
	optforeword = {foreword},
	optintroduction = {introduction},
	optisbn = {isbn},
	optlanguage = {language},
	optlocation = {location},
	optmainsubtitle = {mainsubtitle},
	optmaintitle = {maintitle},
	optmaintitleaddon = {maintitleaddon},
	optnote = {note},
	optnumber = {number},
	optoriglanguage = {origlanguage},
	optpages = {pages},
	optpagetotal = {pagetotal},
	optpart = {part},
	optpublisher = {publisher},
	optpubstate = {pubstate},
	optseries = {series},
	optsubtitle = {subtitle},
	opttitleaddon = {titleaddon},
	opttranslator = {translator},
	opturl = {url},
	opturldate = {urldate},
	optvolume = {volume},
	optvolumes = {volumes},
	title = {LaTeX for beginners.}}

@book{latexintermid,
	author = {Hare J.},
	date = {2023},
	optaddendum = {addendum},
	optafterword = {afterword},
	optannotator = {annotator},
	optchapter = {chapter},
	optcommentator = {commentator},
	optdoi = {doi},
	optedition = {edition},
	opteditor = {editor},
	opteditora = {editora},
	opteditorb = {editorb},
	opteditorc = {editorc},
	opteprint = {eprint},
	opteprintclass = {eprintclass},
	opteprinttype = {eprinttype},
	optforeword = {foreword},
	optintroduction = {introduction},
	optisbn = {isbn},
	optlanguage = {language},
	optlocation = {location},
	optmainsubtitle = {mainsubtitle},
	optmaintitle = {maintitle},
	optmaintitleaddon = {maintitleaddon},
	optnote = {note},
	optnumber = {number},
	optoriglanguage = {origlanguage},
	optpages = {pages},
	optpagetotal = {pagetotal},
	optpart = {part},
	optpublisher = {publisher},
	optpubstate = {pubstate},
	optseries = {series},
	optsubtitle = {subtitle},
	opttitleaddon = {titleaddon},
	opttranslator = {translator},
	opturl = {url},
	opturldate = {urldate},
	optvolume = {volume},
	optvolumes = {volumes},
	title = {Intermediate Latex.}}

@book{latexguide,
	author = {Mittelbach F, Fischer U.},
	date = {2023},
	optaddendum = {addendum},
	optafterword = {afterword},
	optannotator = {annotator},
	optchapter = {chapter},
	optcommentator = {commentator},
	optdoi = {doi},
	optedition = {edition},
	opteditor = {editor},
	opteditora = {editora},
	opteditorb = {editorb},
	opteditorc = {editorc},
	opteprint = {eprint},
	opteprintclass = {eprintclass},
	opteprinttype = {eprinttype},
	optforeword = {foreword},
	optintroduction = {introduction},
	optisbn = {isbn},
	optlanguage = {language},
	optlocation = {location},
	optmainsubtitle = {mainsubtitle},
	optmaintitle = {maintitle},
	optmaintitleaddon = {maintitleaddon},
	optnote = {note},
	optnumber = {number},
	optoriglanguage = {origlanguage},
	optpages = {pages},
	optpagetotal = {pagetotal},
	optpart = {part},
	optpublisher = {publisher},
	optpubstate = {pubstate},
	optseries = {series},
	optsubtitle = {subtitle},
	opttitleaddon = {titleaddon},
	opttranslator = {translator},
	opturl = {url},
	opturldate = {urldate},
	optvolume = {volume},
	optvolumes = {volumes},
	title = {The LaTeX Companion.}}

@book{ozdemir2023quick,
	author = {Ozdemir, Sinan},
	publisher = {Addison-Wesley Professional},
	title = {Quick Start Guide to Large Language Models: Strategies and Best Practices for Using ChatGPT and Other LLMs},
	year = {2023}}

@book{weisstein,
	author = {Weisstein, Eric W.},
	optaddendum = {addendum},
	optafterword = {afterword},
	optannotator = {annotator},
	optchapter = {chapter},
	optcommentator = {commentator},
	optdoi = {doi},
	optedition = {edition},
	opteditor = {editor},
	opteditora = {editora},
	opteditorb = {editorb},
	opteditorc = {editorc},
	opteprint = {eprint},
	opteprintclass = {eprintclass},
	opteprinttype = {eprinttype},
	optforeword = {foreword},
	optintroduction = {introduction},
	optisbn = {isbn},
	optlanguage = {language},
	optlocation = {location},
	optmainsubtitle = {mainsubtitle},
	optmaintitle = {maintitle},
	optmaintitleaddon = {maintitleaddon},
	optnote = {note},
	optnumber = {number},
	optoriglanguage = {origlanguage},
	optpages = {pages},
	optpagetotal = {pagetotal},
	optpart = {part},
	optpublisher = {publisher},
	optpubstate = {pubstate},
	optseries = {series},
	optsubtitle = {subtitle},
	opttitleaddon = {titleaddon},
	opttranslator = {translator},
	opturl = {{https://mathworld.wolfram.com/TaylorsTheorem.html}{"Taylors Theorem."} From MathWorld--A Wolfram Web Resource.},
	opturldate = {urldate},
	optvolume = {volume},
	optvolumes = {volumes},
	title = {The LaTeX Companion.}}
